@online{online:stackoverflow,
  author       = "",
  title        = "Stack Overflow",
  howpublished = "Stack Overflow",
  year         = 2018,
  url          = {https://stackoverflow.com},
  urldate      = "01.03.2018",
  language     = "russian"
}

@article{article:tian2013,
  title        = {Towards Predicting the Best Answers in Community-Based Question-Answering Services},
  author       = {Qiongjie Tian and Peng Zhang and Baoxin Li},
  journal      = {Seventh International AAAI Conference on Weblogs and Social Media},
  year         = {2013}
}
                         
@inproceedings{article:gkotsis2014,
  title        = {It's all in the Content: State of the art Best Answer Prediction based on Discretisation of Shallow Linguistic Features},
  author       = {George Gkotsis and Karen Stepanyan and Carlos Pedrinaci and John Domingue},
  booktitle    = {Proceedings of the ACM conference on Web science},
  pages        = {202--210},
  year         = {2014}
}
                         
@inproceedings{article:burel2012,
  title        = {Automatic Identification of Best Answers in Online Enquiry Communities},
  author       = {Gregoire Burel and Yulan He and Harith Alani},
  booktitle    = {ESWC'12 Proceedings of the 9th international conference on The Semantic Web: research and applications},
  pages        = {514--529},
  year         = {2012}
}

@inproceedings{article:agichtein2008,
  title        = {Finding High-Quality Content in Social Media},
  author       = {E. Agichtein and C. Castillo and D. Donato and A. Gionis and G. Mishne},
  booktitle    = {Proceedings of the 2008 International Conference on Web Search and Data Mining},
  pages        = {183--194},
  year         = {2008}
}

@article{article:chua2013,
  title        = {So fast so good: An analysis of answer quality and answer speed in community question-answering sites},
  author       = {A. Y. Chua and S. Banerjee},
  journal      = {Journal of the American Society for Information Science and Technology},
  volume       = {64},
  number       = {10},
  pages        = {2058--2068},
  year         = {2013}
}

@inproceedings{article:berger2000,
  title        = {Bridging the Lexical Chasm: Statistical Approaches to Answer-Finding},
  author       = {A. Berger and R. Caruana and D. Cohn and D. Freitag and V. Mittal},
  booktitle    = {Proceedings of the 23rd Annual International ACM SIGIR Conference on Research and Development in Information Retrieval},
  pages        = {192--199},
  year         = {2000}
}

@article{article:surdeanu2008,
  title        = {Learning to Rank Answers on Large Online QA Collections},
  author       = {M. Surdeanu and M. Ciaramita and H. Zaragoza},
  year         = {2008}
}

@inproceedings{article:jeon2006,
  title        = {A Framework to Predict the Quality of Answers with Non-Textual Features},
  author       = {J. Jeon and W. B. Croft and J. H. Lee and S. Park},
  booktitle    = {Proceedings of the 29th Annual International ACM SIGIR Conference on Research and Development in Information Retrieval},
  pages        = {228--235},
  year         = {2006}
}

@inproceedings{article:li2012,
  title        = {Analyzing and Predicting Question Quality in Community Question Answering Services},
  author       = {B. Li and T. Jin and M. R. Lyu and I. King and B. Mak},
  booktitle    = {Proceedings of the 21st International Conference Companion on World Wide Web},
  pages        = {775--782},
  year         = {2012}
}

@article{article:agichtein2009,
  title        = {Modeling Information-Seeker Satisfaction in Community Question Answering},
  author       = {E. Agichtein and Y. Liu and J. Bian},
  journal      = {ACM Transactions on Knowledge Discovery from Data},
  volume       = {3},
  number       = {2},
  pages        = {10:1--10:27},
  year         = {2009}
}

@inproceedings{article:freund1999,
  title={The Alternating Decision Tree Learning Algorithm},
  author={Yoav Freund and Llew Mason},
  booktitle={Proceedings of the Sixteenth International Conference on Machine Learning},
  volume={99},
  pages={124--133},
  year={1999}
}

@article{article:bag_of_words,
  title        = {Distributional structure},
  author       = {Zellig Harris},
  journal      = {Word},
  volume       = {10},
  pages        = {146--162},
  year         = {1954}
}

@article{article:tf_idf,
  title        = {A statistical interpretation of term specificity and its application in retrieval},
  author       = {Karen Spärck Jones},
  journal      = {Journal of Documentation},
  volume       = {28},
  pages        = {11--21},
  year         = {1972}
}
        
@article{article:word2vec,
  title        = {Efficient Estimation of Word Representations in Vector Space},
  author       = {Tomas Mikolov and Kai Chen and Greg Corrado and Jeffrey Dean},
  journal      = {arXiv preprint arXiv:1301.3781},
  year         = {2013}
}

@inproceedings{article:relu,
  title        = {Rectified Linear Units Improve Restricted Boltzmann Machines},
  author       = {Vinod Nair and Geoffrey E. Hinton},
  booktitle    = {Proceedings of the 27th International Conference on International Conference on Machine Learning},
  pages        = {807--814},
  year         = {2010}
}

@article{article:fasttext,
  title        = {Enriching Word Vectors with Subword Information},
  author       = {Piotr Bojanowski and Edouard Grave and Armand Joulin and Tomas Mikolov},
  journal      = {arXiv preprint arXiv:1607.04606},
  year         = {2016}
}

@online{online:serverfault,
  author       = "",
  title        = "Server Fault",
  howpublished = "Stack Overflow",
  year         = 2018,
  url          = {https://serverfault.com},
  urldate      = "01.03.2018",
  language     = "russian"
}

@online{online:dataset,
  author       = "Stack Overflow",
  title        = "Stack Exchange Data Dump",
  howpublished = "Internet Archive",
  year         = 2018,
  url          = {https://archive.org/details/stackexchange},
  urldate      = "13.03.2018",
  language     = "russian"
}

@online{online:dom,
  author       = "Wikipedia",
  title        = "Document Object Model",
  howpublished = "Wikipedia, the free encyclopedia",
  year         = 2016,
  url          = {https://ru.wikipedia.org/wiki/Document_Object_Model},
  urldate      = "03.01.2016",
  language     = "russian"
}

@online{online:wiki_dump,
  author       = "Wikimedia",
  title        = "Wikimedia database dump of the English Wikipedia on October 01, 2017",
  howpublished = "Internet Archive",
  year         = 2017,
  url          = {https://archive.org/details/enwiki-20171001},
  urldate      = "10.01.2017",
  language     = "russian"
}

@article{article:ari,
  title        = {Automated readability index},
  author       = {E. A. Smith and R. J. Senter},
  journal      = {AMRL-TR-66-220},
  year         = {1967}
}

@article{article:fre,
  title        = {A new readability yardstick},
  author       = {Rudolf Flesch},
  journal      = {Journal of Applied Psychology},
  volume       = {32},
  pages        = {221--233},
  year         = {1948}
}

@article{article:smog,
  title        = {SMOG grading: A new readability formula},
  author       = {G. Harry McLaughlin},
  journal      = {Journal of Reading},
  volume       = {12},
  pages        = {639--646},
  year         = {1969}
}

@article{article:fk,
  title        = {Derivation of new readability formulas (Automated Readability Index, Fog Count and Flesch Reading Ease Formula) for Navy enlisted personnel},
  author       = {J. Peter Kincaid and Robert P. Fishburne and Richard L. Rogers and Brad S. Chissom},
  journal      = {Research Branch Report},
  volume       = {8-75},
  year         = {1975}
}

@article{article:cli,
  title        = {A computer readability formula designed for machine scoring},
  author       = {Meri Coleman and T. L. Liau},
  journal      = {Journal of Applied Psychology},
  volume       = {60},
  pages        = {283--284},
  year         = {1975}
}

@book{book:fog,
  title      = {The Technique of Clear Writing},
  author     = {Robert Gunning},
  publisher  = {McGraw-Hill},
  pages      = {36--37},
  year       = {1952},
}

@book{book:lix,
  title      = {Läsbarhet},
  author     = {Carl-Hugo Björnsson},
  publisher  = {Stockholm: Liber},
  year       = {1968},
}

@article{article:jaccard,
  title        = {Étude comparative de la distribution florale dans une portion des Alpes et des Jura},
  author       = {Paul Jaccard},
  journal      = {Bulletin de la Société Vaudoise des Sciences Naturelles},
  volume       = {37},
  pages        = {547--579},
  year         = {1901}
}

@article{article:lstm,
  title        = {Long short-term memory},
  author       = {Sepp Hochreiter and Jürgen Schmidhuber},
  journal      = {Neural computation},
  volume       = {9},
  number       = {8},
  pages        = {1735--1780},
  year         = {1997}
}

@article{article:bi_rnn,
  title        = {Bidirectional recurrent neural networks},
  author       = {Mike Schuster and Kuldip K. Paliwal},
  journal      = {IEEE Transactions on Signal Processing},
  volume       = {45},
  number       = {11},
  pages        = {2673--2681},
  year         = {1997}
}

@article{article:cnn,
  title        = {Back-propagation applied to handwritten zip code recognition},
  author       = {Y. LeCun and B. Boser and J. S. Denker and D. Henderson and R. E. Howard and W. Hubbard and L. D. Jackel},
  journal      = {Neural Computation},
  volume       = {1},
  number       = {4},
  pages        = {541--551},
  year         = {1989}
}

@inproceedings{article:text_cnn,
  title        = {Convolutional neural networks for sentence classification},
  author       = {Yoon Kim},
  booktitle    = {Proceedings of the 2014 Conference on Empirical Methods in Natural Language Processing},
  pages        = {1746--1751},
  year         = {2014}
}

@inproceedings{article:text_rnn_cnn,
  title        = {Recurrent convolutional neural networks for text classification},
  author       = {Siwei Lai and Liheng Xu and Kang Liu and Jun Zhao},
  booktitle    = {Proceedings of the 2015 Conference of the Association for the Advancement of Artificial Intelligence},
  pages        = {2267--2273},
  year         = {2015}
}

@article{article:entity_recognition,
  title        = {Neural Architectures for Named Entity Recognition},
  author       = {Guillaume Lample and Miguel Ballesteros and Sandeep Subramanian and Kazuya Kawakami and Chris Dyer},
  journal      = {arXiv preprint arXiv:1603.01360},
  year         = {2016}
}

@article{article:code_embedding,
  title        = {Building Program Vector Representations for Deep Learning},
  author       = {Lili Mou and Ge Li and Yuxuan Liu and Hao Peng and Zhi Jin and Yan Xu and Lu Zhang},
  journal      = {arXiv preprint arXiv:1409.3358},
  year         = {2014}
}

@online{online:scikit_learn,
  title        = "Scikit-Learn",
  year         = 2018,
  url          = {http://scikit-learn.org/stable/index.html},
  urldate      = "01.03.2018",
  language     = "russian"
}

@article{article:answer_selection,
  title        = {Applying Deep Learning to Answer Selection: A Study and An Open Task},
  author       = {Minwei Feng and Bing Xiang and Michael R. Glass and Lidan Wang and Bowen Zhou},
  journal      = {arXiv preprint arXiv:1508.01585},
  year         = {2015}
}

@online{online:keras,
  title        = "Keras",
  year         = 2018,
  url          = {https://keras.io/},
  urldate      = "01.03.2018",
  language     = "russian"
}

@online{online:gensim,
  title        = "Gensim",
  year         = 2018,
  url          = {https://radimrehurek.com/gensim/},
  urldate      = "01.03.2018",
  language     = "russian"
}

@online{online:nltk,
  title        = "NLTK",
  year         = 2018,
  url          = {https://www.nltk.org/},
  urldate      = "01.03.2018",
  language     = "russian"
}

@online{online:textstat,
  title        = "textstat",
  year         = 2018,
  url          = {https://github.com/shivam5992/textstat},
  urldate      = "01.03.2018",
  language     = "russian"
}

@online{online:repository,
  author       = "Nikita Podguzov",
  title        = "StackOverflow Correct Answer Detection",
  howpublished = "Github",
  year         = 2018,
  url          = {https://github.com/Nikitosh/StackOverflow-Correct-Answer-Detection},
  urldate      = "01.03.2018",
  language     = "russian"
}

@article{article:adam,
  title        = {Adam: A Method for Stochastic Optimization},
  author       = {Diederik P. Kingma and Jimmy Ba},
  journal      = {arXiv preprint arXiv:1412.6980},
  year         = {2014}
}

@article{article:nmt,
  title        = {Google's Neural Machine Translation System: Bridging the Gap between Human and Machine Translation},
  author	   = {Yonghui Wu and Mike Schuster and Zhifeng Chen and Quoc V. Le and Mohammad Norouzi and Wolfgang Macherey and Maxim Krikun and Yuan Cao and Qin Gao and Klaus Macherey and Jeff Klingner and Apurva Shah and Melvin Johnson and Xiaobing Liu and Łukasz Kaiser and Stephan Gouws and Yoshikiyo Kato and Taku Kudo and Hideto Kazawa and Keith Stevens and George Kurian and Nishant Patil and Wei Wang and Cliff Young and Jason Smith and Jason Riesa and Alex Rudnick and Oriol Vinyals and Greg Corrado and Macduff Hughes and Jeffrey Dean},
  journal      = {arXiv preprint arXiv:1609.08144},
  year         = {2016}
}

@article{article:chatbot,
  title        = {A Neural Conversational Model},
  author	   = {Oriol Vinyals and Quoc V. Le},
  journal      = {arXiv preprint arXiv:1506.05869},
  year         = {2015}
}

@article{article:currency,
  title        = {Managing exchange rate prediction strategies with neural networks},
  author       = {A. N. Refenes},
  journal      = {Techniques and Applications of Neural Networks},
  year         = {1993}
}